
@Article{sample_bib,
  author	= 	 {Author One and Author Two},
  title		= 	 {A Sample Publication},
  year		= 	 {2010}
}

@Misc{WebsiteSample,
	Author = "Max Mustermann",
	Title  = "\emph{Title}",
	Note   = "\url{http://full.url}
	[Accessed: 01.01.1980]",
	year = 1998,
}
